2484 4178
371 146 540 248 quondam
563 144 742 227 Soticiutis
767 144 855 250 Iesu.
1062 156 1111 247 ⁶7

115 324 283 415 videlicet
299 323 526 428 historicum
552 333 704 409 eundern
731 345 772 409 ut
795 332 1001 420 induceret,
1027 331 1115 411 nihil

113 453 189 514 troo
216 431 362 510 molitus
387 432 436 508 est
451 433 513 511 Vir
527 435 825 509 communisboni
847 432 1115 523 studiofiffimus,

113 560 183 614 nec
202 533 334 610 destitit
359 533 480 629 prius;
505 556 615 630 quam
642 534 758 609 ereda
783 534 922 609 noviter
946 536 1116 612 cathedra

113 635 268 737 Historia
292 634 330 708 in
348 633 408 708 illo
433 630 614 732 Athenaeo
636 633 775 731 publice
795 634 992 709 doceretur.

193 732 301 823 Quod
335 731 447 832 ipsum
483 754 554 830 qua
584 735 721 808 ratione
748 736 928 820 evenerit,
965 732 1117 810 Annales

111 836 195 914 eius
211 831 401 910 Academica
420 825 461 913 T.
478 830 551 908 III.
559 857 596 931 p.
616 854 693 927 ης.
720 832 945 930 sequentibus
960 836 1116 910 docent:

111 932 362 1036 „Serenifflmur
375 930 465 1006 Dux
475 954 649 1006 canorus
666 952 867 1008 anneunus
889 955 970 1009 cum
986 947 1023 1008 et
1034 933 1118 1030 ipse,

112 1044 272 1135 „praeter
299 1031 388 1107 alias
411 1052 539 1107 omnes
562 1033 736 1128 ingenuas
761 1049 857 1108 artes
883 1049 991 1137 atque
1009 1033 1118 1110 scien·

112 1137 228 1227 „tiae
254 1131 502 1207 eruditionein
518 1133 641 1228 primis
655 1132 813 1207 historica
824 1133 909 1208 effet
922 1133 1119 1220 indrodus,
1179 1130 1185 1141 “

114 1229 183 1324 „ut
207 1230 369 1328 ingentia
388 1229 449 1306 illa
471 1230 653 1307 uolumina
667 1233 847 1319 testantur,
871 1256 954 1330 qnae
969 1234 1014 1308 ad
1032 1235 1121 1327 Eius

116 1332 244 1423 „usum
259 1355 281 1406 a
301 1328 475 1406 Theodoro·
486 1322 698 1408 Scumoctm
718 1330 912 1431 conscripta
926 1335 1121 1421 hodiedum

116 1435 179 1524 ,in
192 1427 404 1508 Bibuoueca
415 1427 974 1528 CodegiiAlbertiniaiiervhntur:
988 1446 1026 1506 et
1035 1433 1122 1506 alia*

114 1555 223 1623 „rum
237 1531 448 1628 regionum,
474 1528 607 1618 Ituir'e,
632 1529 754 1608 Gadita
768 1532 836 1610 &u
862 1555 951 1629 quas
964 1531 1123 1630 peregri·

116 1631 265 1723 ,nando
296 1630 482 1716 obiverat,
517 1630 691 1729 exemplis
730 1629 923 1717 didicisset,
947 1644 1124 1728 quantum

116 1726 320 1823 iuramenti
346 1727 533 1825 inscientia
560 1729 713 1831 historica
726 1731 874 1830 positum
892 1731 977 1807 eiiet
1002 1734 1047 1806 ad
1071 1730 1125 1806 rei
1157 1796 1159 1801 .

115 1832 258 1926 „totius
282 1830 451 1906 literariae
474 1830 758 1919 incrementum,
783 1833 880 1907 sexta
895 1830 1124 1917 Novembris,

116 1930 368 2025 ,anni17260
400 1928 497 2005 edito
532 1929 671 2028 speciali
705 1934 858 2007 Decreto
898 1931 1126 2008 Univerfitati

118 2028 358 2124 „infinuaritz
380 2029 620 2106 intentionem
634 2029 730 2105 suam
745 2032 831 2117 erse,
858 2045 920 2118 ut,
946 2032 1042 2107 bono
1056 2032 1126 2107 stu·

118 2129 256 2221 ,',diosae
282 2126 482 2228 juventutis
505 2143 614 2228 atque
636 2131 880 2207 emolumento
906 2131 1128 2219 Academiae,

118 2228 199 2321 „W
224 2230 299 2305 oria
322 2227 522 2328 undusoiir
542 2231 765 2319 traderetur,
788 2229 934 2330 jamque
948 2235 1129 2308 monitum

118 2356 166 2420 „e
195 2355 215 2405 e
238 2327 496 2407 Provincialem
519 2326 695 2406 Societotis
709 2329 785 2430 Iesu
799 2332 997 2408 Provinciae
1009 2329 1129 2407 Banu·

121 2432 240 2524 „riam
256 2442 298 2506 ut
310 2428 437 2508 Virum
451 2429 618 2505 idoneum
632 2431 858 2517 denominet,
887 2433 948 2530 qui
960 2446 1130 2507 unacum

121 2528 280 2619 „Ethico
294 2526 395 2605 fimul
409 2520 590 2631 idstoriom
604 2530 743 2630 publice
754 2531 891 2627 tradat3
910 2544 1019 2628 atque
1036 2531 1131 2605 hanc

122 2681 147 2721 „
173 2629 299 2705 uidem
321 2629 583 2727 principaliter,
616 2631 713 2707 illam
741 2654 788 2705 ex
814 2653 854 2705 re
882 2644 992 2719 nata,
1017 2628 1132 2706 bisin
1170 2719 1181 2730 ‚

125 2784 150 2820 „
175 2751 178 2756 ·
205 2729 378 2806 &ionibus
403 2730 576 2827 publicis,
602 2728 727 2806 diebus
756 2731 872 2806 Lunae
891 2753 934 2805 ac
960 2729 1112 2808 Veneris
1120 2748 1133 2825 3

124 2830 211 2929 „bie
244 2829 284 2905 in
316 2826 487 2927 eouegiis
511 2830 683 2926 privatis,
723 2828 848 2906 diebus
880 2830 1051 2906 Mercurii
1090 2846 1134 2906 ac

125 2928 324 3021 „Sabbatit
349 2928 455 3004 Hanc
476 2927 573 3005 suam
594 2930 816 3009 voluntatem
829 2929 936 3007 affixo
949 2932 995 3006 ad
1011 2930 1136 3008 valvas

125 3026 400 3124 „Universrtatis
411 3044 675 3128 programmate
688 3022 937 3129 publicandam
949 3030 1039 3126 effe3
1059 3033 1136 3110 eni·

103 3129 376 3226 ,mundosque
399 3152 527 3205 omnes
555 3127 734 3229 (exceptis
750 3131 912 3231 Logicis)
943 3130 1136 3225 Academi&
1202 3164 1206 3168 ·

127 3226 243 3322 „com
268 3231 449 3328 praecipue
474 3231 608 3305 lurium
638 3231 828 3318 studiosos,
856 3234 901 3308 ad
928 3230 1136 3306 huiusmodi

128 3329 337 3425 ,collegia
360 3328 453 3405 faita
474 3329 620 3428 ‘speciali
646 3333 831 3427 mentione
859 3335 897 3408 in
925 3330 1136 3408 testimoniis
1187 3378 1198 3397 κ

129 3429 336 3529 „publicis,
360 3452 469 3526 quern
493 3433 573 3528 quie
596 3432 792 3528 profestum
817 3433 886 3508 hoc
906 3432 943 3505 in
956 3431 1068 3506 studio
1083 3429 1142 3509 fe,
1200 3508 1203 3519 ,

130 3528 266 3619 „ciffet
323 3529 418 3607 Haec
441 3530 576 3607 decreti
597 3532 803 3609 Eletioraiis
828 3531 973 3607 summa.
1010 3530 1142 3610 Novus

130 3625 332 3725 „Profeffot
362 3627 572 3723 constitutus
588 3630 744 3810 {Egnatius
771 3628 960 3719 Schwarz,
992 3629 1143 3807 jamque

653 3757 676 3809 2
1017 3786 1038 3821 „
1055 3736 1101 3810 ub
