2484 4178
376 159 542 260 quondum
565 158 744 241 Socieioiis
770 158 855 261 Iesu.
977 238 980 243 .
1066 185 1114 257 49

105 362 175 446 per
196 338 320 418 selecta
342 343 485 443 prorius
507 345 673 444 exempla
699 357 853 429 tenens,
880 365 923 419 ac
947 341 1118 439 multipli-

106 446 144 521 ci
165 441 392 530 eruditione,
414 441 572 543 jucunda
593 465 713 520 rerum
736 446 933 532 varietate,
958 446 1117 520 maxima

107 543 324 645 Decifionum
348 541 547 630 soliditate,
562 617 565 626 ,
580 544 763 621 clariiirma
785 544 1013 640 proponendi
1029 553 1116 619 'me-

106 644 222 720 thodo
243 642 430 721 Letiorem
468 642 617 719 mirifice
650 643 854 730 deletione,
894 667 962 717 nec
995 644 1117 719 minus
1202 670 1206 674 ’

106 764 263 821 movens
289 764 399 840 quam
424 743 585 824 docens:
610 742 845 840 digniiirmum
872 743 994 840 proin,
1019 744 1116 838 quod

107 844 156 919 nd
181 840 395 920 Academiae
421 845 533 919 decus
562 845 703 918 caeteris
727 843 763 920 in
788 844 872 919 orbe
896 842 1117 918 celebratiffi·
1182 846 1184 851 ’
1215 911 1216 914 t

104 943 160 1021 mi
175 940 341 1018 Auctoris
355 943 532 1049 Operibus
544 941 770 1041 adjungatur.
825 943 924 1041 Opus
936 939 997 1041 (ut
1009 941 1117 1018 habet

106 1039 326 1142 Approbciio
343 1041 534 1118 rametam
542 1042 714 1141 juridice)
737 1041 849 1118 Caius
874 1043 1033 1117 maximo
1060 1042 1116 1119 in·

104 1142 207 1239 genii
233 1140 401 1218 felicitate
425 1141 570 1219 seleiios
594 1140 782 1218 firmiffime
809 1139 995 1218 decidens·

190 1239 272 1318 ΧΠ.
317 1239 483 1341 Opuscuio
509 1241 660 1339 quedam
694 1244 729 1315 in
756 1241 866 1341 cauffo
897 1241 1116 1317 Decimorum

107 1338 452 1442 Longenmosmstom.
480 1342 518 1418 in
535 1356 570 1427 8.
603 1340 931 1443 Ingoifladii.1726.
967 1341 1021 1416 lta
1036 1340 1116 1416 Ao·

107 1436 565 1542 ociesAcodem.Ingoistad.
581 1443 811 1517 inhibente
831 1439 990 1516 Tituium
1010 1438 1045 1514 T
1039 1439 1115 1514 heo·
1230 1472 1233 1481 ·

105 1539 221 1639 pinitus
235 1543 450 1636 cnorum)
468 1545 519 1644 fic
543 1540 656 1638 effert:
682 1539 861 1637 Restitutio
882 1538 1115 1632 destitutionis
1176 1548 1179 1565 ¹

106 1640 397 1740 exoajudicialis:
412 1642 475 1742 seu
497 1645 587 1741 justa
611 1641 769 1739 Defhnfio
800 1638 938 1737 Collegii
958 1635 1115 1714 Neobur·

101 1743 215 1841 gensts
238 1740 395 1841 adversm
422 1738 566 1815 Librum
580 1741 717 1816 Domini
731 1739 779 1821 L.
792 1739 840 1822 B.
864 1739 902 1814 de
917 1737 957 1815 di
969 1740 1006 1813 in
1021 1759 1115 1814 sAN·

104 1862 258 1928 nrzun,
283 1841 320 1917 io
343 1839 466 1942 Ouuffo
482 1839 697 1917 Decimarum
709 1839 1051 1942 Langenmosmstum.

103 1988 152 2071 (c)
173 1984 217 2056 V.
236 1986 313 2051 Eius
332 1970 552 2070 Europuisihes
576 1983 860 2063 Bucherolexicom
885 1986 938 2050 nbi
960 1989 1113 2053 tamenin

146 2068 344 2136 recensendis
365 2067 464 2156 Nostri
484 2067 638 2153 Operibus
657 2068 851 2134 multimodis
874 2070 1012 2154 cespitat.

180 2228 371 2312 PROBST
393 2196 618 2334 (Uddiricus)
644 2194 1114 2337 grandeJAuguflonaprae·

103 2335 229 2416 sertim
251 2335 290 2410 in
321 2335 432 2421 urbe,
456 2358 600 2410 nomen.
648 2333 713 2412 Vir
728 2334 796 2410 fuit
819 2336 1122 2433 plurimaeerudi·.

102 2434 243 2522 tionis,
267 2435 363 2511 acuti
383 2446 421 2510 et
440 2431 639 2511 inexhausti
653 2435 812 2530 ingenii,
837 2437 960 2530 magni
983 2433 1113 2532 probis-

103 2534 410 2634 fimiqueeonfilii‚
433 2535 506 2610 oris
519 2534 642 2620 aurei,
666 2534 774 2610 samoe
787 2533 991 2634 singularis,
1012 2534 1114 2609 heroi

102 2637 274 2736 spiritus,
298 2656 444 2730 megnae
464 2632 790 2732 consummataeque
815 2634 987 2724 virtutis3
1010 2633 1114 2708 cuius

104 2734 339 2820 encomium,
369 2758 416 2810 ex
441 2733 587 2808 Litteris
608 2735 730 2808 annuis
756 2729 899 2830 Collegii
920 2731 1114 2833 Augustani

103 2835 197 2914 mihi
221 2833 548 2919 communicatum,
573 2845 767 2931 antequam
780 2855 982 2930 apponam,
1005 2846 1112 2909 notes

103 2935 241 3021 veiim,
264 2933 391 3009 Leitor
414 2932 608 3019 benevole!
634 2957 694 3008 me
721 2933 757 3010 u
782 2957 828 3007 ex
859 2933 1049 3049 pimenti,
1072 2944 1111 3010 et
1172 3026 1175 3037 ¹

102 3034 335 3134 sequentibus
359 3034 513 3109 encomiis
540 3031 698 3110 consulto
722 3055 765 3109 ea
786 3055 908 3110 omma
934 3032 1112 3122 reiecisse,

101 3154 191 3235 quae
211 3134 259 3209 ad
285 3134 484 3220 vinetum,
505 3133 634 3231 quibus
651 3133 728 3210 Viri
750 3133 773 3209 d
797 3157 857 3210 me
884 3135 1110 3211 memorandi

100 3234 249 3337 praediti
272 3233 437 3319 fuerant,
462 3233 812 3310 commendationem
831 3233 850 3309 s
868 3233 986 3311 edient
998 3257 1009 3327 3
1031 3246 1112 3308 tum

103 3332 394 3435 quodiraectnlia
416 3332 524 3410 ineffe
537 3332 696 3409 Personis
709 3259 899 3431 religioiis,
926 3332 1044 3430 quivis
1056 3331 1111 3407 fa-

101 3433 174 3511 eide
204 3434 287 3510 dete
324 3443 404 3508 tom
432 3434 529 3531 quod
548 3433 675 3510 eadem
695 3436 741 3509 ad
764 3457 888 3512 meum
910 3432 1110 3509 institutum

102 3532 202 3611 haud
248 3532 387 3608 roxime
421 3535 574 3608 attinere
600 3532 773 3611 visasint
821 3532 1021 3610 Encomium
1047 3552 1112 3610 au·

98 3646 181 3712 tem
236 3632 314 3733 ostri
340 3631 389 3705 est
413 3631 592 3728 sequens:
720 3676 723 3683 ·

140 3728 251 3821 --Bm
267 3729 532 3842 Auginum.
548 3729 600 3814 r.
763 3730 811 3808 n.
917 3703 928 3728 '
992 3731 1067 3817 m.
1141 3789 1143 3792 ⁴
