<?xml version="1.0" encoding="UTF-8"?>
<!DOCTYPE html PUBLIC "-//W3C//DTD XHTML 1.0 Transitional//EN"
    "http://www.w3.org/TR/xhtml1/DTD/xhtml1-transitional.dtd">
<html xmlns="http://www.w3.org/1999/xhtml" xml:lang="en" lang="en">
 <head>
  <title>
</title>
<meta http-equiv="Content-Type" content="text/html;charset=utf-8" />
  <meta name='ocr-system' content='tesseract 3.04.00' />
  <meta name='ocr-capabilities' content='ocr_page ocr_carea ocr_par ocr_line ocrx_word'/>
</head>
<body>
  <div class='ocr_page' id='page_1' title='image "bibliothecaaugu00veitgoog_0066.png"; bbox 0 0 2484 4178; ppageno 0'>
   <div class='ocr_carea' id='block_1_1' title="bbox 362 157 1100 269">
    <p class='ocr_par' dir='ltr' id='par_1_1' title="bbox 362 157 1100 269">
     <span class='ocr_line' id='line_1_1' title="bbox 362 157 1100 269; baseline 0.007 -25"><span class='ocrx_word' id='word_1_1' title='bbox 362 166 530 267; x_wconf 78' lang='lat' dir='ltr'><strong>qnondam</strong></span> <span class='ocrx_word' id='word_1_2' title='bbox 551 160 729 246; x_wconf 80' lang='lat' dir='ltr'><strong>Sovielulis</strong></span> <span class='ocrx_word' id='word_1_3' title='bbox 752 157 839 269; x_wconf 78' lang='lat' dir='ltr'><strong>Iesu.</strong></span> <span class='ocrx_word' id='word_1_4' title='bbox 1054 192 1100 269; x_wconf 86' lang='lat'><strong>51</strong></span> 
     </span>
    </p>
   </div>
   <div class='ocr_carea' id='block_1_2' title="bbox 95 348 1165 1548">
    <p class='ocr_par' dir='ltr' id='par_1_2' title="bbox 95 348 1165 1548">
     <span class='ocr_line' id='line_1_2' title="bbox 95 348 1100 449; baseline -0.004 -18"><span class='ocrx_word' id='word_1_5' title='bbox 95 353 218 432; x_wconf 84' lang='lat' dir='ltr'><strong>minus</strong></span> <span class='ocrx_word' id='word_1_6' title='bbox 243 364 350 449; x_wconf 89' lang='lat' dir='ltr'><strong>aequo</strong></span> <span class='ocrx_word' id='word_1_7' title='bbox 371 361 473 427; x_wconf 89' lang='lat' dir='ltr'><strong>erant</strong></span> <span class='ocrx_word' id='word_1_8' title='bbox 488 352 631 441; x_wconf 72' lang='lat' dir='ltr'><strong>animo,</strong></span> <span class='ocrx_word' id='word_1_9' title='bbox 658 352 697 427; x_wconf 92' lang='lat' dir='ltr'><strong>P.</strong></span> <span class='ocrx_word' id='word_1_10' title='bbox 726 363 847 425; x_wconf 89' lang='lat' dir='ltr'><strong>tamen</strong></span> <span class='ocrx_word' id='word_1_11' title='bbox 869 348 1022 429; x_wconf 83' lang='lat' dir='ltr'><strong>Udosrica‘</strong></span> <span class='ocrx_word' id='word_1_12' title='bbox 1042 375 1100 429; x_wconf 90' lang='lat' dir='ltr'><strong>re·</strong></span> 
     </span>
     <span class='ocr_line' id='line_1_3' title="bbox 98 451 1099 553; baseline -0.002 -22"><span class='ocrx_word' id='word_1_13' title='bbox 98 451 262 531; x_wconf 73' lang='lat' dir='ltr'><strong>verentia</strong></span> <span class='ocrx_word' id='word_1_14' title='bbox 273 463 504 536; x_wconf 88' lang='lat' dir='ltr'><strong>tenerentur,</strong></span> <span class='ocrx_word' id='word_1_15' title='bbox 523 475 638 549; x_wconf 81' lang='lat' dir='ltr'><strong>eoque</strong></span> <span class='ocrx_word' id='word_1_16' title='bbox 656 451 700 549; x_wconf 86' lang='lat' dir='ltr'><strong>(sl</strong></span> <span class='ocrx_word' id='word_1_17' title='bbox 715 468 857 546; x_wconf 87' lang='lat' dir='ltr'><strong>urgeret</strong></span> <span class='ocrx_word' id='word_1_18' title='bbox 873 451 979 526; x_wconf 85' lang='lat' dir='ltr'><strong>fatale</strong></span> <span class='ocrx_word' id='word_1_19' title='bbox 993 453 1099 553; x_wconf 91' lang='lat' dir='ltr'><strong>quid)</strong></span> 
     </span>
     <span class='ocr_line' id='line_1_4' title="bbox 95 549 1101 651; baseline -0.001 -21"><span class='ocrx_word' id='word_1_20' title='bbox 95 564 273 651; x_wconf 81' lang='lat' dir='ltr'><strong>unquam</strong></span> <span class='ocrx_word' id='word_1_21' title='bbox 309 549 424 626; x_wconf 89' lang='lat' dir='ltr'><strong>accito</strong></span> <span class='ocrx_word' id='word_1_22' title='bbox 451 550 609 626; x_wconf 89' lang='lat' dir='ltr'><strong>Palladio</strong></span> <span class='ocrx_word' id='word_1_23' title='bbox 635 567 881 632; x_wconf 78' lang='lat' dir='ltr'><strong>uterentur...</strong></span> <span class='ocrx_word' id='word_1_24' title='bbox 919 552 1101 629; x_wconf 87' lang='lat' dir='ltr'><strong>Praeterea</strong></span> 
     </span>
     <span class='ocr_line' id='line_1_5' title="bbox 95 649 1100 750; baseline 0.001 -22"><span class='ocrx_word' id='word_1_25' title='bbox 95 665 244 750; x_wconf 84' lang='lat' dir='ltr'><strong>tempus</strong></span> <span class='ocrx_word' id='word_1_26' title='bbox 271 673 378 726; x_wconf 90' lang='lat' dir='ltr'><strong>omne</strong></span> <span class='ocrx_word' id='word_1_27' title='bbox 400 651 438 725; x_wconf 93' lang='lat' dir='ltr'><strong>in</strong></span> <span class='ocrx_word' id='word_1_28' title='bbox 467 649 792 747; x_wconf 82' lang='lat' dir='ltr'><strong>studiosapientiae,</strong></span> <span class='ocrx_word' id='word_1_29' title='bbox 818 663 855 725; x_wconf 87' lang='lat' dir='ltr'><strong>et</strong></span> <span class='ocrx_word' id='word_1_30' title='bbox 878 652 1020 748; x_wconf 87' lang='lat' dir='ltr'><strong>pietatis</strong></span> <span class='ocrx_word' id='word_1_31' title='bbox 1042 655 1100 730; x_wconf 92' lang='lat' dir='ltr'><strong>in·</strong></span> 
     </span>
     <span class='ocr_line' id='line_1_6' title="bbox 96 747 1100 847; baseline -0.003 -19"><span class='ocrx_word' id='word_1_32' title='bbox 96 750 264 846; x_wconf 75' lang='lat' dir='ltr'><strong>sumpsit,</strong></span> <span class='ocrx_word' id='word_1_33' title='bbox 291 761 369 824; x_wconf 87' lang='lat' dir='ltr'><strong>tum</strong></span> <span class='ocrx_word' id='word_1_34' title='bbox 397 749 434 824; x_wconf 90' lang='lat' dir='ltr'><strong>in</strong></span> <span class='ocrx_word' id='word_1_35' title='bbox 463 747 533 823; x_wconf 91' lang='lat' dir='ltr'><strong>sese</strong></span> <span class='ocrx_word' id='word_1_36' title='bbox 564 751 810 847; x_wconf 65' lang='lat' dir='ltr'><strong>perficiem,</strong></span> <span class='ocrx_word' id='word_1_37' title='bbox 848 753 987 826; x_wconf 90' lang='lat' dir='ltr'><strong>tum-in</strong></span> <span class='ocrx_word' id='word_1_38' title='bbox 1009 753 1100 827; x_wconf 86' lang='lat' dir='ltr'><strong>alios</strong></span> 
     </span>
     <span class='ocr_line' id='line_1_7' title="bbox 96 848 1104 952; baseline 0.004 -29"><span class='ocrx_word' id='word_1_39' title='bbox 96 850 345 952; x_wconf 76' lang='lat' dir='ltr'>porrigendae:</span> <span class='ocrx_word' id='word_1_40' title='bbox 372 870 444 946; x_wconf 90' lang='lat' dir='ltr'><strong>quo</strong></span> <span class='ocrx_word' id='word_1_41' title='bbox 460 849 584 945; x_wconf 88' lang='lat' dir='ltr'><strong>utique</strong></span> <span class='ocrx_word' id='word_1_42' title='bbox 607 848 760 947; x_wconf 70' lang='lat' dir='ltr'><strong>spellam</strong></span> <span class='ocrx_word' id='word_1_43' title='bbox 776 849 951 927; x_wconf 85' lang='lat' dir='ltr'><strong>sacrarum</strong></span> <span class='ocrx_word' id='word_1_44' title='bbox 975 853 1104 947; x_wconf 87' lang='lat' dir='ltr'><strong>imagi-</strong></span> 
     </span>
     <span class='ocr_line' id='line_1_8' title="bbox 96 946 1101 1045; baseline -0.001 -18"><span class='ocrx_word' id='word_1_45' title='bbox 96 973 189 1027; x_wconf 80' lang='lat' dir='ltr'><strong>num</strong></span> <span class='ocrx_word' id='word_1_46' title='bbox 202 960 258 1025; x_wconf 87' lang='lat' dir='ltr'><strong>tot</strong></span> <span class='ocrx_word' id='word_1_47' title='bbox 269 948 388 1034; x_wconf 86' lang='lat' dir='ltr'><strong>millia,</strong></span> <span class='ocrx_word' id='word_1_48' title='bbox 397 946 469 1045; x_wconf 88' lang='lat' dir='ltr'><strong>ipso</strong></span> <span class='ocrx_word' id='word_1_49' title='bbox 482 948 635 1023; x_wconf 74' lang='lat' dir='ltr'><strong>distante</strong></span> <span class='ocrx_word' id='word_1_50' title='bbox 645 952 823 1026; x_wconf 82' lang='lat' dir='ltr'><strong>variorum</strong></span> <span class='ocrx_word' id='word_1_51' title='bbox 834 953 1101 1038; x_wconf 89' lang='lat' dir='ltr'><strong>emblematum,</strong></span> 
     </span>
     <span class='ocr_line' id='line_1_9' title="bbox 95 1049 1102 1148; baseline 0.002 -22"><span class='ocrx_word' id='word_1_52' title='bbox 95 1049 350 1132; x_wconf 58' lang='lat' dir='ltr'><strong>‘schematuma</strong></span> <span class='ocrx_word' id='word_1_53' title='bbox 381 1068 424 1122; x_wconf 86' lang='lat' dir='ltr'><strong>ac</strong></span> <span class='ocrx_word' id='word_1_54' title='bbox 441 1060 683 1124; x_wconf 78' lang='lat' dir='ltr'><strong>toreumatum</strong></span> <span class='ocrx_word' id='word_1_55' title='bbox 707 1050 830 1143; x_wconf 83' lang='lat' dir='ltr'><strong>figuris</strong></span> <span class='ocrx_word' id='word_1_56' title='bbox 849 1051 1036 1148; x_wconf 78' lang='lat' dir='ltr'><strong>perbelle,</strong></span> <span class='ocrx_word' id='word_1_57' title='bbox 1062 1063 1102 1128; x_wconf 89' lang='lat' dir='ltr'><strong>et</strong></span> 
     </span>
     <span class='ocr_line' id='line_1_10' title="bbox 96 1145 1165 1247; baseline 0.004 -23"><span class='ocrx_word' id='word_1_58' title='bbox 96 1150 149 1225; x_wconf 79' lang='lat' dir='ltr'><strong>ad</strong></span> <span class='ocrx_word' id='word_1_59' title='bbox 179 1149 306 1224; x_wconf 87' lang='lat' dir='ltr'><strong>cienda</strong></span> <span class='ocrx_word' id='word_1_60' title='bbox 322 1147 463 1245; x_wconf 87' lang='lat' dir='ltr'><strong>pietatis</strong></span> <span class='ocrx_word' id='word_1_61' title='bbox 478 1145 573 1221; x_wconf 89' lang='lat' dir='ltr'><strong>sensa</strong></span> <span class='ocrx_word' id='word_1_62' title='bbox 588 1171 758 1247; x_wconf 81' lang='lat' dir='ltr'><strong>perquam</strong></span> <span class='ocrx_word' id='word_1_63' title='bbox 776 1150 931 1246; x_wconf 80' lang='lat' dir='ltr'><strong>apposite</strong></span> <span class='ocrx_word' id='word_1_64' title='bbox 951 1154 1105 1228; x_wconf 91' lang='lat' dir='ltr'><strong>adorna·</strong></span> <span class='ocrx_word' id='word_1_65' title='bbox 1159 1180 1165 1190; x_wconf 60' lang='grc'><em>“</em></span> 
     </span>
     <span class='ocr_line' id='line_1_11' title="bbox 99 1245 1153 1351; baseline 0.003 -27"><span class='ocrx_word' id='word_1_66' title='bbox 99 1261 150 1324; x_wconf 82' lang='lat' dir='ltr'><strong>ta.</strong></span> <span class='ocrx_word' id='word_1_67' title='bbox 199 1245 322 1344; x_wconf 88' lang='lat' dir='ltr'><strong>Atque</strong></span> <span class='ocrx_word' id='word_1_68' title='bbox 333 1247 400 1321; x_wconf 93' lang='lat' dir='ltr'><strong>hac</strong></span> <span class='ocrx_word' id='word_1_69' title='bbox 416 1245 531 1320; x_wconf 75' lang='lat' dir='ltr'><strong>sanda</strong></span> <span class='ocrx_word' id='word_1_70' title='bbox 557 1245 616 1322; x_wconf 88' lang='lat' dir='ltr'><strong>sua</strong></span> <span class='ocrx_word' id='word_1_71' title='bbox 639 1248 805 1324; x_wconf 85' lang='lat' dir='ltr'><strong>industria</strong></span> <span class='ocrx_word' id='word_1_72' title='bbox 829 1251 885 1334; x_wconf 87' lang='lat' dir='ltr'><strong>id,</strong></span> <span class='ocrx_word' id='word_1_73' title='bbox 912 1253 1006 1347; x_wconf 91' lang='lat' dir='ltr'><strong>quod</strong></span> <span class='ocrx_word' id='word_1_74' title='bbox 1028 1251 1106 1351; x_wconf 88' lang='lat' dir='ltr'><strong>spe·</strong></span> <span class='ocrx_word' id='word_1_75' title='bbox 1150 1259 1153 1271; x_wconf 92' lang='lat'>&#39;</span> 
     </span>
     <span class='ocr_line' id='line_1_12' title="bbox 97 1344 1103 1447; baseline 0.003 -23"><span class='ocrx_word' id='word_1_76' title='bbox 97 1344 237 1432; x_wconf 71' lang='lat' dir='ltr'><strong>stabat,</strong></span> <span class='ocrx_word' id='word_1_77' title='bbox 251 1347 311 1447; x_wconf 75' lang='lat' dir='ltr'><strong>yir</strong></span> <span class='ocrx_word' id='word_1_78' title='bbox 323 1348 401 1420; x_wconf 85' lang='lat' dir='ltr'><strong>zelo</strong></span> <span class='ocrx_word' id='word_1_79' title='bbox 415 1358 453 1419; x_wconf 91' lang='lat' dir='ltr'><strong>et</strong></span> <span class='ocrx_word' id='word_1_80' title='bbox 466 1347 636 1421; x_wconf 80' lang='lat' dir='ltr'><strong>charitate</strong></span> <span class='ocrx_word' id='word_1_81' title='bbox 651 1347 800 1444; x_wconf 88' lang='lat' dir='ltr'><strong>plenus,</strong></span> <span class='ocrx_word' id='word_1_82' title='bbox 818 1349 921 1445; x_wconf 75' lang='lat' dir='ltr'><strong>plene</strong></span> <span class='ocrx_word' id='word_1_83' title='bbox 937 1353 1103 1442; x_wconf 84' lang='lat' dir='ltr'><strong>obtinuit,</strong></span> 
     </span>
     <span class='ocr_line' id='line_1_13' title="bbox 100 1445 1106 1548; baseline 0.002 -24"><span class='ocrx_word' id='word_1_84' title='bbox 100 1448 274 1524; x_wconf 81' lang='lat' dir='ltr'><strong>nimirum</strong></span> <span class='ocrx_word' id='word_1_85' title='bbox 288 1445 443 1520; x_wconf 81' lang='lat' dir='ltr'><strong>artifices</strong></span> <span class='ocrx_word' id='word_1_86' title='bbox 470 1446 664 1522; x_wconf 89' lang='lat' dir='ltr'><strong>catholicos</strong></span> <span class='ocrx_word' id='word_1_87' title='bbox 677 1451 798 1540; x_wconf 88' lang='lat' dir='ltr'><strong>(antea</strong></span> <span class='ocrx_word' id='word_1_88' title='bbox 811 1451 1006 1548; x_wconf 73' lang='lat' dir='ltr'><strong>pauperes)</strong></span> <span class='ocrx_word' id='word_1_89' title='bbox 1026 1474 1106 1526; x_wconf 89' lang='lat' dir='ltr'><strong>am·</strong></span> 
     </span>
    </p>
   </div>
   <div class='ocr_carea' id='block_1_3' title="bbox 100 1538 1229 1648">
    <p class='ocr_par' dir='ltr' id='par_1_3' title="bbox 100 1538 1229 1648">
     <span class='ocr_line' id='line_1_14' title="bbox 100 1538 1229 1648; baseline 0.001 -26"><span class='ocrx_word' id='word_1_90' title='bbox 100 1547 172 1648; x_wconf 78' lang='lat' dir='ltr'><strong>plin</strong></span> <span class='ocrx_word' id='word_1_91' title='bbox 191 1545 322 1620; x_wconf 87' lang='lat' dir='ltr'><strong>divitiis</strong></span> <span class='ocrx_word' id='word_1_92' title='bbox 346 1543 501 1620; x_wconf 84' lang='lat' dir='ltr'><strong>ditatos:</strong></span> <span class='ocrx_word' id='word_1_93' title='bbox 525 1545 734 1622; x_wconf 73' lang='lat' dir='ltr'><strong>Sandorum</strong></span> <span class='ocrx_word' id='word_1_94' title='bbox 766 1571 852 1623; x_wconf 90' lang='lat' dir='ltr'><strong>vero</strong></span> <span class='ocrx_word' id='word_1_95' title='bbox 875 1548 1012 1624; x_wconf 92' lang='lat' dir='ltr'><strong>cultum</strong></span> <span class='ocrx_word' id='word_1_96' title='bbox 1036 1574 1106 1625; x_wconf 91' lang='lat' dir='ltr'><strong>un·</strong></span> <span class='ocrx_word' id='word_1_97' title='bbox 1223 1538 1229 1553; x_wconf 49' lang='lat'>⁸</span> 
     </span>
    </p>
   </div>
   <div class='ocr_carea' id='block_1_4' title="bbox 100 1642 1240 3641">
    <p class='ocr_par' dir='ltr' id='par_1_4' title="bbox 100 1642 1240 3617">
     <span class='ocr_line' id='line_1_15' title="bbox 100 1642 1108 1746; baseline 0.001 -24"><span class='ocrx_word' id='word_1_98' title='bbox 100 1647 296 1744; x_wconf 86' lang='lat' dir='ltr'><strong>dequaque</strong></span> <span class='ocrx_word' id='word_1_99' title='bbox 310 1642 522 1742; x_wconf 84' lang='lat' dir='ltr'><strong>splendidius</strong></span> <span class='ocrx_word' id='word_1_100' title='bbox 537 1661 783 1744; x_wconf 86' lang='lat' dir='ltr'><strong>propagatum.</strong></span> <span class='ocrx_word' id='word_1_101' title='bbox 834 1642 1019 1746; x_wconf 77' lang='lat' dir='ltr'><strong>Praecipue</strong></span> <span class='ocrx_word' id='word_1_102' title='bbox 1042 1672 1108 1723; x_wconf 86' lang='lat' dir='ltr'><strong>au-</strong></span> 
     </span>
     <span class='ocr_line' id='line_1_16' title="bbox 100 1743 1105 1850; baseline 0 -26"><span class='ocrx_word' id='word_1_103' title='bbox 100 1757 181 1824; x_wconf 78' lang='lat' dir='ltr'><strong>cem</strong></span> <span class='ocrx_word' id='word_1_104' title='bbox 200 1743 409 1821; x_wconf 77' lang='lat' dir='ltr'><strong>-noviffimus</strong></span> <span class='ocrx_word' id='word_1_105' title='bbox 440 1744 572 1840; x_wconf 82' lang='lat' dir='ltr'><strong>ingenii</strong></span> <span class='ocrx_word' id='word_1_106' title='bbox 603 1760 750 1844; x_wconf 86' lang='lat' dir='ltr'><strong>partus,</strong></span> <span class='ocrx_word' id='word_1_107' title='bbox 790 1748 897 1824; x_wconf 91' lang='lat' dir='ltr'><strong>Liber</strong></span> <span class='ocrx_word' id='word_1_108' title='bbox 920 1749 1105 1850; x_wconf 89' lang='lat' dir='ltr'><strong>(inquam)</strong></span> 
     </span>
     <span class='ocr_line' id='line_1_17' title="bbox 102 1842 1107 1949; baseline 0.005 -29"><span class='ocrx_word' id='word_1_109' title='bbox 102 1842 292 1935; x_wconf 75' lang='lat' dir='ltr'><strong>refflffimis</strong></span> <span class='ocrx_word' id='word_1_110' title='bbox 327 1846 688 1940; x_wconf 58' lang='lat' dir='ltr'><strong>commentationibus</strong></span> <span class='ocrx_word' id='word_1_111' title='bbox 714 1848 874 1924; x_wconf 89' lang='lat' dir='ltr'><strong>animum</strong></span> <span class='ocrx_word' id='word_1_112' title='bbox 911 1850 957 1924; x_wconf 88' lang='lat' dir='ltr'><strong>ad</strong></span> <span class='ocrx_word' id='word_1_113' title='bbox 987 1849 1107 1949; x_wconf 88' lang='lat' dir='ltr'><strong>supre-</strong></span> 
     </span>
     <span class='ocr_line' id='line_1_18' title="bbox 102 1942 1157 2125; baseline -0.021 -1"><span class='ocrx_word' id='word_1_114' title='bbox 102 1942 996 2125; x_wconf 71' lang='lat' dir='ltr'><strong>rulalaaaamaalmarau</strong></span> <span class='ocrx_word' id='word_1_115' title='bbox 1009 1974 1109 2125; x_wconf 65' lang='lat' dir='ltr'><strong>rau</strong></span> <span class='ocrx_word' id='word_1_116' title='bbox 1155 2096 1157 2102; x_wconf 80' lang='grc'><em>,</em></span> 
     </span>
     <span class='ocr_line' id='line_1_19' title="bbox 103 2073 1110 2244; baseline 0 -21"><span class='ocrx_word' id='word_1_117' title='bbox 103 2144 181 2237; x_wconf 77' lang='lat' dir='ltr'><strong>dit,</strong></span> <span class='ocrx_word' id='word_1_118' title='bbox 205 2144 348 2241; x_wconf 75' lang='lat' dir='ltr'><strong>unaque</strong></span> <span class='ocrx_word' id='word_1_119' title='bbox 374 2141 450 2219; x_wconf 90' lang='lat' dir='ltr'><strong>sato</strong></span> <span class='ocrx_word' id='word_1_120' title='bbox 475 2140 536 2218; x_wconf 90' lang='lat' dir='ltr'><strong>suo</strong></span> <span class='ocrx_word' id='word_1_121' title='bbox 550 2143 726 2241; x_wconf 79' lang='lat' dir='ltr'><strong>praelusit,</strong></span> <span class='ocrx_word' id='word_1_122' title='bbox 751 2146 934 2244; x_wconf 79' lang='lat' dir='ltr'><strong>specialem</strong></span> <span class='ocrx_word' id='word_1_123' title='bbox 953 2073 1110 2225; x_wconf 43' lang='lat' dir='ltr'><strong>mintio-</strong></span> 
     </span>
     <span class='ocr_line' id='line_1_20' title="bbox 102 2239 1110 2342; baseline 0 -19"><span class='ocrx_word' id='word_1_124' title='bbox 102 2267 194 2323; x_wconf 82' lang='lat' dir='ltr'><strong>nem</strong></span> <span class='ocrx_word' id='word_1_125' title='bbox 205 2239 453 2342; x_wconf 87' lang='lat' dir='ltr'><strong>meretur(a).</strong></span> <span class='ocrx_word' id='word_1_126' title='bbox 497 2244 587 2331; x_wconf 87' lang='lat' dir='ltr'><strong>Quae</strong></span> <span class='ocrx_word' id='word_1_127' title='bbox 602 2245 697 2320; x_wconf 91' lang='lat' dir='ltr'><strong>enim</strong></span> <span class='ocrx_word' id='word_1_128' title='bbox 723 2246 871 2322; x_wconf 87' lang='lat' dir='ltr'><strong>huiusce</strong></span> <span class='ocrx_word' id='word_1_129' title='bbox 892 2250 1110 2325; x_wconf 88' lang='lat' dir='ltr'><strong>lucubratio·</strong></span> 
     </span>
     <span class='ocr_line' id='line_1_21' title="bbox 104 2341 1110 2441; baseline 0 -19"><span class='ocrx_word' id='word_1_130' title='bbox 104 2341 401 2441; x_wconf 84' lang='lat' dir='ltr'><strong>nispraestantia,</strong></span> <span class='ocrx_word' id='word_1_131' title='bbox 427 2341 572 2438; x_wconf 82' lang='lat' dir='ltr'><strong>gustus.</strong></span> <span class='ocrx_word' id='word_1_132' title='bbox 595 2357 633 2420; x_wconf 86' lang='lat' dir='ltr'><strong>et</strong></span> <span class='ocrx_word' id='word_1_133' title='bbox 648 2346 763 2440; x_wconf 85' lang='lat' dir='ltr'><strong>gratia</strong></span> <span class='ocrx_word' id='word_1_134' title='bbox 776 2347 904 2433; x_wconf 88' lang='lat' dir='ltr'><strong>suerit,</strong></span> <span class='ocrx_word' id='word_1_135' title='bbox 926 2350 1010 2424; x_wconf 87' lang='lat' dir='ltr'><strong>inde</strong></span> <span class='ocrx_word' id='word_1_136' title='bbox 1025 2350 1110 2423; x_wconf 89' lang='lat' dir='ltr'><strong>licet</strong></span> 
     </span>
     <span class='ocr_line' id='line_1_22' title="bbox 105 2441 1112 2541; baseline 0 -21"><span class='ocrx_word' id='word_1_137' title='bbox 105 2441 309 2530; x_wconf 85' lang='lat' dir='ltr'><strong>coniicere,</strong></span> <span class='ocrx_word' id='word_1_138' title='bbox 335 2443 431 2539; x_wconf 91' lang='lat' dir='ltr'><strong>quod</strong></span> <span class='ocrx_word' id='word_1_139' title='bbox 445 2442 490 2518; x_wconf 95' lang='lat' dir='ltr'><strong>ob</strong></span> <span class='ocrx_word' id='word_1_140' title='bbox 505 2455 709 2541; x_wconf 87' lang='lat' dir='ltr'><strong>emptorum</strong></span> <span class='ocrx_word' id='word_1_141' title='bbox 722 2486 737 2530; x_wconf 90' lang='lat'><strong>,·</strong></span> <span class='ocrx_word' id='word_1_142' title='bbox 756 2447 865 2521; x_wconf 89' lang='lat' dir='ltr'><strong>etiam</strong></span> <span class='ocrx_word' id='word_1_143' title='bbox 879 2448 1112 2522; x_wconf 86' lang='lat' dir='ltr'><strong>Acatholico·</strong></span> 
     </span>
     <span class='ocr_line' id='line_1_23' title="bbox 104 2540 1111 2640; baseline 0 -19"><span class='ocrx_word' id='word_1_144' title='bbox 104 2565 215 2629; x_wconf 81' lang='lat' dir='ltr'><strong>rum,</strong></span> <span class='ocrx_word' id='word_1_145' title='bbox 253 2541 393 2640; x_wconf 85' lang='lat' dir='ltr'><strong>copiam</strong></span> <span class='ocrx_word' id='word_1_146' title='bbox 418 2540 493 2639; x_wconf 92' lang='lat' dir='ltr'><strong>post</strong></span> <span class='ocrx_word' id='word_1_147' title='bbox 525 2565 658 2640; x_wconf 88' lang='lat' dir='ltr'><strong>paucas</strong></span> <span class='ocrx_word' id='word_1_148' title='bbox 678 2545 922 2640; x_wconf 83' lang='lat' dir='ltr'><strong>hebdomadas</strong></span> <span class='ocrx_word' id='word_1_149' title='bbox 945 2543 1111 2621; x_wconf 81' lang='lat' dir='ltr'><strong>secundis</strong></span> 
     </span>
     <span class='ocr_line' id='line_1_24' title="bbox 106 2639 1113 2742; baseline 0.004 -25"><span class='ocrx_word' id='word_1_150' title='bbox 106 2640 209 2742; x_wconf 74' lang='lat' dir='ltr'><strong>typis</strong></span> <span class='ocrx_word' id='word_1_151' title='bbox 231 2641 353 2718; x_wconf 89' lang='lat' dir='ltr'><strong>recudi</strong></span> <span class='ocrx_word' id='word_1_152' title='bbox 379 2639 562 2728; x_wconf 87' lang='lat' dir='ltr'><strong>debuerit,</strong></span> <span class='ocrx_word' id='word_1_153' title='bbox 588 2667 742 2741; x_wconf 90' lang='lat' dir='ltr'><strong>cumque</strong></span> <span class='ocrx_word' id='word_1_154' title='bbox 762 2647 949 2722; x_wconf 89' lang='lat' dir='ltr'><strong>tricaretur</strong></span> <span class='ocrx_word' id='word_1_155' title='bbox 972 2668 1113 2721; x_wconf 85' lang='lat' dir='ltr'><strong>nonne·</strong></span> 
     </span>
     <span class='ocr_line' id='line_1_25' title="bbox 106 2740 1114 2925; baseline 0.006 -7"><span class='ocrx_word' id='word_1_156' title='bbox 106 2740 699 2919; x_wconf 54' lang='lat' dir='ltr'><strong>bardddlllffltnll</strong></span> <span class='ocrx_word' id='word_1_157' title='bbox 716 2743 1015 2922; x_wconf 67' lang='lat' dir='ltr'><strong>llll&#39;ltrdl</strong></span> <span class='ocrx_word' id='word_1_158' title='bbox 1036 2767 1114 2925; x_wconf 72' lang='lat' dir='ltr'><strong>:lt</strong></span> 
     </span>
     <span class='ocr_line' id='line_1_26' title="bbox 108 2865 1115 3119; baseline 0.004 -101"><span class='ocrx_word' id='word_1_159' title='bbox 108 2940 235 3042; x_wconf 88' lang='lat' dir='ltr'><strong>procul</strong></span> <span class='ocrx_word' id='word_1_160' title='bbox 249 2895 428 3028; x_wconf 61' lang='lat' dir='ltr'><strong>abfueri’t,</strong></span> <span class='ocrx_word' id='word_1_161' title='bbox 455 2865 564 3056; x_wconf 56' lang='lat' dir='ltr'><strong>qugm</strong></span> <span class='ocrx_word' id='word_1_162' title='bbox 588 2867 720 3019; x_wconf 53' lang='lat' dir='ltr'><strong>cavenE</strong></span> <span class='ocrx_word' id='word_1_163' title='bbox 731 2945 902 3119; x_wconf 71' lang='lat' dir='ltr'><strong>ipsemet,</strong></span> <span class='ocrx_word' id='word_1_164' title='bbox 928 2946 1115 3044; x_wconf 85' lang='lat' dir='ltr'><strong>quiinter·</strong></span> 
     </span>
     <span class='ocr_line' id='line_1_27' title="bbox 109 3039 719 3140; baseline 0.005 -23"><span class='ocrx_word' id='word_1_165' title='bbox 109 3039 282 3130; x_wconf 84' lang='lat' dir='ltr'><strong>cesserat,</strong></span> <span class='ocrx_word' id='word_1_166' title='bbox 305 3041 398 3116; x_wconf 88' lang='lat' dir='ltr'><strong>obex</strong></span> <span class='ocrx_word' id='word_1_167' title='bbox 415 3040 576 3116; x_wconf 86' lang='lat' dir='ltr'><strong>tranlibri</strong></span> <span class='ocrx_word' id='word_1_168' title='bbox 589 3066 719 3140; x_wconf 90' lang='lat' dir='ltr'><strong>nempe</strong></span> 
     </span>
     <span class='ocr_line' id='line_1_28' title="bbox 111 3140 1115 3232; baseline 0.001 -14"><span class='ocrx_word' id='word_1_169' title='bbox 111 3141 211 3218; x_wconf 82' lang='lat' dir='ltr'><strong>edito</strong></span> <span class='ocrx_word' id='word_1_170' title='bbox 224 3142 262 3217; x_wconf 89' lang='lat' dir='ltr'><strong>in</strong></span> <span class='ocrx_word' id='word_1_171' title='bbox 273 3141 392 3217; x_wconf 88' lang='lat' dir='ltr'><strong>lucem</strong></span> <span class='ocrx_word' id='word_1_172' title='bbox 406 3141 548 3216; x_wconf 87' lang='lat' dir='ltr'><strong>amabili</strong></span> <span class='ocrx_word' id='word_1_173' title='bbox 568 3143 637 3218; x_wconf 90' lang='lat' dir='ltr'><strong>hoc</strong></span> <span class='ocrx_word' id='word_1_174' title='bbox 660 3140 793 3221; x_wconf 87' lang='lat' dir='ltr'><strong>doloris</strong></span> <span class='ocrx_word' id='word_1_175' title='bbox 816 3146 910 3232; x_wconf 87' lang='lat' dir='ltr'><strong>lilio,</strong></span> <span class='ocrx_word' id='word_1_176' title='bbox 937 3145 1036 3222; x_wconf 89' lang='lat' dir='ltr'><strong>velut</strong></span> <span class='ocrx_word' id='word_1_177' title='bbox 1058 3144 1115 3219; x_wconf 89' lang='lat' dir='ltr'><strong>su·</strong></span> 
     </span>
     <span class='ocr_line' id='line_1_29' title="bbox 108 3239 1240 3361; baseline 0.002 -45"><span class='ocrx_word' id='word_1_178' title='bbox 108 3262 237 3359; x_wconf 80' lang='lat' dir='ltr'><strong>prema</strong></span> <span class='ocrx_word' id='word_1_179' title='bbox 250 3263 361 3357; x_wconf 78' lang='lat' dir='ltr'><strong>manu</strong></span> <span class='ocrx_word' id='word_1_180' title='bbox 372 3239 552 3355; x_wconf 81' lang='lat' dir='ltr'><strong>laboribus</strong></span> <span class='ocrx_word' id='word_1_181' title='bbox 567 3241 816 3342; x_wconf 87' lang='lat' dir='ltr'><strong>suisimposrta,</strong></span> <span class='ocrx_word' id='word_1_182' title='bbox 832 3244 936 3361; x_wconf 73' lang='lat' dir='ltr'><strong>senfit</strong></span> <span class='ocrx_word' id='word_1_183' title='bbox 946 3245 1009 3322; x_wconf 88' lang='lat' dir='ltr'><strong>Vir</strong></span> <span class='ocrx_word' id='word_1_184' title='bbox 1022 3245 1114 3360; x_wconf 83' lang='lat' dir='ltr'><strong>iam·</strong></span> <span class='ocrx_word' id='word_1_185' title='bbox 1234 3256 1240 3263; x_wconf 75' lang='grc'><strong>“</strong></span> 
     </span>
     <span class='ocr_line' id='line_1_30' title="bbox 109 3340 1121 3617; baseline 0.001 -99"><span class='ocrx_word' id='word_1_186' title='bbox 109 3361 193 3518; x_wconf 64' lang='lat' dir='ltr'><strong>lt</strong></span> <span class='ocrx_word' id='word_1_187' title='bbox 209 3340 1035 3617; x_wconf 52' lang='lat' dir='ltr'><strong>laffarldrplullaalllz‘?</strong></span> <span class='ocrx_word' id='word_1_188' title='bbox 1055 3364 1121 3532; x_wconf 67' lang='lat' dir='ltr'><strong>vll</strong></span> 
     </span>
    </p>

    <p class='ocr_par' dir='ltr' id='par_1_5' title="bbox 632 3565 1061 3641">
     <span class='ocr_line' id='line_1_31' title="bbox 632 3565 1061 3641; baseline -0.009 -19"><span class='ocrx_word' id='word_1_189' title='bbox 632 3570 654 3622; x_wconf 72' lang='grc' dir='ltr'>α</span> <span class='ocrx_word' id='word_1_190' title='bbox 977 3565 1061 3641; x_wconf 84' lang='lat' dir='ltr'><strong>ege·</strong></span> 
     </span>
    </p>
   </div>
   <div class='ocr_carea' id='block_1_5' title="bbox 114 3639 1117 3840">
    <p class='ocr_par' dir='ltr' id='par_1_6' title="bbox 114 3639 1117 3840">
     <span class='ocr_line' id='line_1_32' title="bbox 114 3639 1117 3840; baseline -0.001 -85"><span class='ocrx_word' id='word_1_191' title='bbox 114 3685 278 3840; x_wconf 55' lang='lat' dir='ltr'><strong>(ta)“lb1iitcu‘r</strong></span> <span class='ocrx_word' id='word_1_192' title='bbox 275 3689 358 3757; x_wconf 80' lang='lat' dir='ltr'><strong>inter</strong></span> <span class='ocrx_word' id='word_1_193' title='bbox 378 3683 479 3772; x_wconf 71' lang='lat' dir='ltr'><strong>Nostri</strong></span> <span class='ocrx_word' id='word_1_194' title='bbox 501 3686 604 3772; x_wconf 83' lang='lat' dir='ltr'><strong>Opera</strong></span> <span class='ocrx_word' id='word_1_195' title='bbox 626 3684 751 3772; x_wconf 71' lang='lat' dir='ltr'><strong>insertur</strong></span> <span class='ocrx_word' id='word_1_196' title='bbox 777 3639 871 3755; x_wconf 82' lang='lat' dir='ltr'><strong>tertib</strong></span> <span class='ocrx_word' id='word_1_197' title='bbox 894 3687 970 3759; x_wconf 63' lang='lat' dir='ltr'><strong>locb</strong></span> <span class='ocrx_word' id='word_1_198' title='bbox 992 3709 1117 3758; x_wconf 82' lang='lat' dir='ltr'><strong>merno-</strong></span> 
     </span>
    </p>
   </div>
   <div class='ocr_carea' id='block_1_6' title="bbox 0 0 1266 4178">
    <p class='ocr_par' dir='ltr' id='par_1_7' title="bbox 0 0 1266 4178">
     <span class='ocr_line' id='line_1_33' title="bbox 0 0 1266 4178; baseline 0 0"><span class='ocrx_word' id='word_1_199' title='bbox 0 0 1266 4178; x_wconf 95' lang='lat' dir='ltr'><strong> </strong></span> 
     </span>
    </p>
   </div>
   <div class='ocr_carea' id='block_1_7' title="bbox 747 3045 1240 3144">
    <p class='ocr_par' dir='ltr' id='par_1_8' title="bbox 747 3045 1240 3144">
     <span class='ocr_line' id='line_1_34' title="bbox 747 3045 1240 3144; baseline -0.004 -24"><span class='ocrx_word' id='word_1_200' title='bbox 747 3045 976 3144; x_wconf 84' lang='lat' dir='ltr'><strong>epalsusest.</strong></span> <span class='ocrx_word' id='word_1_201' title='bbox 1000 3046 1114 3122; x_wconf 87' lang='lat' dir='ltr'><strong>Porro</strong></span> <span class='ocrx_word' id='word_1_202' title='bbox 1231 3106 1240 3118; x_wconf 34' lang='lat' dir='ltr'><strong>t</strong></span> 
     </span>
    </p>
   </div>
  </div>
 </body>
</html>
