2484 4178
383 93 751 263 quondumSociesatis
775 145 865 249 Iesu.
1074 165 1123 249 32
1157 159 1160 164 ’

144 357 244 415 uuum,
293 333 444 420 Qualem
463 357 592 433 nempe
617 345 654 411 et
680 334 762 412 aula
789 326 969 430 quondam
986 324 1122 405 Heidrs·

141 433 304 532 ingenus,
332 435 370 513 dr
393 432 507 511 multo
532 436 664 512 diutius
683 436 820 512 Civitas
844 429 1045 530 Augustam
1066 427 1122 507 su·

140 533 261 631 spexit:
297 535 439 632 qualem
465 548 520 611 tot
550 536 657 612 editae
691 535 879 611 Orationes
909 531 1120 628 polemicae,

137 633 274 733 adaeque
299 635 579 733 Lucubrationes
603 634 685 709 satis
708 634 880 733 superque
903 631 1123 729 loquunturr

136 734 251 830 quibus
276 731 569 810 Acathosicorum
591 755 731 810 errores
761 735 890 809 acriter
914 732 952 809 dr
975 728 1130 827 gloriose·

132 830 215 911 inter
224 833 389 935 publicos
401 835 588 912 orthodoxi
602 835 723 934 populi
735 830 897 932 plausus,
914 830 977 929 qui
988 830 1122 905 exteris

131 933 232 1011 etiam
250 933 288 1010 in
310 935 515 1031 regionibus
535 935 823 1034 percrebuerunt,
834 930 1012 1008 insecutus
1026 930 1087 1006 est.

153 1034 155 1040 ’
193 1033 244 1110 Et
262 1033 345 1110 saue
367 1035 507 1112 dicendi
529 1035 587 1113 uis
614 1035 664 1110 illi
689 1047 764 1110 tam
788 1044 942 1131 potens,
966 1029 1122 1107 dilucida

112 1129 238 1223 smul,
268 1134 391 1230 gravis
405 1136 442 1213 dr
454 1134 607 1212 mascula
622 1132 756 1221 adsuit,
776 1144 819 1209 ut
831 1132 856 1208 sr
869 1131 955 1230 quid
968 1129 1123 1207 affirma·

125 1252 159 1308 re
181 1245 248 1310 aut
267 1232 412 1312 suadere
426 1236 719 1332 aggrediebatur,
744 1231 781 1309 id
801 1230 984 1312 manifeste
1009 1230 1124 1307 conii·

123 1347 228 1414 reret,
269 1334 386 1422 Quem
404 1336 532 1411 merito
544 1347 716 1433 tanquam
727 1331 887 1409 severum
901 1332 938 1406 iu
950 1343 1027 1406 arte
1041 1332 1123 1425 Ma-

122 1433 264 1528 gistrum
284 1433 322 1511 dt
346 1431 524 1517 santtioris
545 1434 723 1511 facundia
756 1429 950 1525 Auttorem
972 1453 1121 1529 gravem

122 1547 336 1621 vereantur,
359 1546 535 1632 quotquot
549 1535 694 1632 crispata
708 1531 821 1628 phrasi
835 1531 975 1628 plebem
990 1533 1121 1605 obtun-

119 1633 230 1718 dunt,
269 1655 313 1708 ac
336 1632 452 1710 inutili
478 1634 670 1718 verborum
692 1631 921 1709 dimicatione
944 1627 1121 1705 affettatae

119 1732 320 1826 partitionis
333 1731 519 1828 gloriolam
540 1732 803 1832 quodammodo
831 1729 892 1806 sub
913 1729 1012 1807 hasta
1032 1752 1121 1805 ven-

117 1831 219 1906 dunt.
269 1833 439 1918 Quamvis
464 1855 550 1908 vero
564 1855 627 1930 per
647 1855 762 1907 annos
773 1830 1021 1929 duodetriginta
1034 1853 1122 1907 cona

116 1930 239 2007 tinuos
259 1931 404 2027 singulis
415 1934 613 2009 Dominicis
631 1933 810 2030 Festisquo
827 1932 955 2007 eodem
978 1932 1017 2007 in
1038 1929 1120 2007 loco
1227 1968 1230 1973 ·

116 2030 265 2122 diceret,
286 2054 471 2130 nunquam
485 2033 650 2128 pharetra
663 2032 831 2108 exhaustu
845 2032 892 2107 ad
905 2031 1045 2108 triarios
1064 2053 1122 2107 re·

115 2138 262 2206 currere
285 2153 376 2227 opus
389 2131 536 2222 habuit;
557 2131 615 2208 sed
638 2129 778 2208 detritis
802 2133 887 2208 sicet
899 2131 1056 2229 corporis
1067 2131 1130 2207 vi«
1159 2150 1162 2155 ·

116 2230 238 2317 ribus,
265 2232 385 2308 animb
402 2230 539 2329 semper
551 2246 720 2330 vegetus,
741 2230 885 2328 ingenib
907 2229 1044 2329 semper
1054 2255 1122 2307 no·

115 2352 208 2415 vus,
232 2328 371 2406 sacrum
398 2329 597 2427 suggestum
623 2331 834 2408 conscendit.
882 2332 974 2420 Quae
998 2352 1057 2404 res
1077 2341 1120 2406 ut

115 2427 330 2526 singularem
353 2433 448 2529 apud
474 2455 601 2507 omnes
635 2433 907 2508 admirationem
932 2430 1036 2518 tulit,
1066 2430 1118 2504 ita
1213 2446 1215 2451 ·

115 2529 159 2607 ab
183 2527 266 2705 ipim
289 2531 367 2606 eius
394 2530 550 2609 hostibus
576 2533 701 2609 invitae
729 2530 846 2610 laudis
868 2528 1119 2608 consessionem

113 2642 219 2705 extor
232 2642 271 2712 rt,
679 2680 683 2689 .
1131 2671 1133 2677 ·

187 2730 262 2811 Hic
280 2740 403 2808 autem
426 2728 525 2805 umbi
545 2728 656 2806 divini
680 2728 897 2829 praedicandi
920 2729 1030 2814 zelus,
1048 2728 1118 2806 fin.

114 2827 230 2921 gutlaci
257 2853 341 2905 cum
360 2818 563 2905 demiffione
589 2833 698 2907 animi
724 2829 957 2928 conjunttus,
984 2828 1115 2920 effecit,

113 2939 156 3003 ut
170 2927 344 3005 querius
367 2928 484 3005 noster
508 2930 625 3006 oblata
650 2930 757 3007 semel
774 2932 978 3027 iterumque
1002 2932 1119 3008 hono·

111 3049 194 3107 rum
216 3031 339 3105 munia
352 3030 552 3106 constanter
567 3031 805 3130 generosaque
830 3029 1019 3109 recusatur
1044 3056 1116 3132 qua
1237 3088 1241 3094 -

111 3129 202 3204 reid
215 3127 391 3225 obtinuit,
414 3143 455 3206 ut
471 3129 647 3230 Roseffium
674 3133 797 3218 illum,
819 3132 935 3209 statim
959 3132 997 3208 in
1021 3131 1115 3210 limi·

111 3252 159 3303 ue
183 3227 295 3307 huius
330 3227 553 3315 Trotsotsonis
573 3233 691 3308 omnis
716 3233 808 3308 arne
831 3233 1025 3318 laudatum,
1039 3233 1122 3327 qui,

111 3337 287 3426 tanquam
313 3328 504 3408 Cathedrae
522 3329 728 3430 Argustana
740 3333 988 3409 fulcimentum
999 3330 1115 3426 quod-

111 3427 221 3514 dam,
254 3430 384 3509 merito
414 3433 706 3519 commendatur,
742 3432 912 3509 dminus
935 3452 1112 3516 annorum

111 3549 290 3622 numero,
315 3552 406 3628 quos
429 3531 461 3607 is
485 3531 524 3606 in
550 3532 691 3608 dicendi
715 3556 864 3613 munere
894 3531 1050 3627 quinque
1074 3541 1114 3618 et

110 3625 269 3714 tricenos
293 3628 428 3730 posuit,
452 3626 607 3807 re‘genrg
626 3644 750 3710 tamen
770 3630 1112 3726 vicibusinterpolae

531 3748 536 3757 ‘
638 3756 653 3820 5
981 3741 1066 3820 tosr
1177 3764 1180 3769 ·
