2484 4178
111 98 157 252 sd
374 156 560 260 Collegium
583 155 650 239 SS.
672 155 873 255 Salaecam

111 343 275 422 eiusdem
301 342 379 420 festi
404 343 552 440 (Christi
571 366 703 442 nempe
725 342 747 418 a
767 341 919 420 mortuis
933 339 1122 440 resurgen⁴

110 447 173 539 tis)
200 442 386 540 gloriosam
412 445 508 538 diem
533 444 669 521 incidit.
718 443 838 521 Natus
873 443 972 520 enim
998 443 1123 560 Noster

110 570 207 625 anno
221 544 476 628 MDCLXXX.
503 543 561 619 die
578 541 807 641 21.Aprilis,
833 542 906 643 ipia
927 544 1124 620 domimcae

111 643 392 722 Resurrettionis
408 643 512 728 luce,
540 645 693 719 denatus
708 642 758 720 est
785 643 913 720 eadem
927 642 1122 721 Dominica

110 747 196 825 anni
208 744 389 847 MDCCL.
418 745 476 818 die
490 768 549 838 29.
567 742 699 820 Martii.
998 836 1003 838 v

185 868 264 945 lam
287 868 309 944 a
336 865 461 965 primis
500 866 606 943 annis
636 864 781 943 masculi
817 864 976 963 ingenii,
1015 863 1141 966 supra*

111 968 307 1066 aequalium
320 965 451 1042 sortem
465 965 751 1053 maturescentis,
772 964 902 1042 indicia
915 964 1124 1079 proferens,

47 1126 50 1136 .
113 1069 159 1144 ob
188 1068 341 1143 docilem
367 1089 410 1143 ac
432 1066 648 1162 morigeram
674 1065 832 1142 indolem
848 1065 1051 1163 neptibus
1081 1068 1121 1145 in

103 1166 225 1265 ‘pretio
239 1166 307 1243 fuit
321 1221 331 1253 ,
346 1177 425 1241 tum
439 1166 548 1242 etiam
561 1165 607 1241 ob
623 1178 786 1246 teneram
801 1164 974 1264 pietatem
989 1165 1122 1244 charus
1145 1163 1150 1175 ’

63 1278 71 1295 “
110 1267 259 1363 Superis
287 1267 431 1343 extitit:
455 1267 552 1363 quod
579 1265 628 1341 illi
654 1264 735 1340 satis
753 1264 1009 1365 ostenderunt,
1031 1263 1120 1343 dum

112 1366 170 1440 die
183 1367 336 1463 quadam
351 1367 434 1446 cum
449 1367 588 1446 duobus
602 1364 702 1440 sociis
715 1365 850 1452 lacurn,
873 1386 982 1461 quem
995 1365 1121 1442 minus

111 1465 215 1541 firma
232 1466 364 1562 glacies
378 1467 547 1561 tegebat,
574 1467 670 1560 equd
694 1466 752 1561 (ut
767 1464 818 1540 est
842 1477 933 1541 aetas
948 1463 1119 1563 juvenilis

112 1565 307 1665 incautior)
334 1579 471 1650 temere
498 1563 687 1660 ingretium
714 1561 880 1660 singulari
906 1563 1119 1647 beneficio&

112 1667 198 1743 vitae
218 1665 480 1764 praesentiffimo
494 1665 650 1763 periculo
664 1663 934 1763 praeservarent.

185 1812 244 1887 Ex
269 1837 313 1885 eo
341 1825 503 1909 ternpore
528 1810 647 1886 reiistd
679 1812 793 1910 patrii
823 1809 967 1888 Romam
993 1806 1117 1888 veuit:

111 1909 174 1989 ubi
197 1911 235 1986 ia
253 1909 449 1986 Societatem
466 1906 542 2009 Iesu
571 1911 681 2008 recipi
696 1911 850 1998 meruit,
876 1912 1027 2012 eiusque
1054 1909 1116 1988 ibi·

97 2009 184 2085 'dem
208 2009 428 2106 tyrocinium
454 2033 550 2085 anno
573 2012 612 2085 M
630 2009 695 2087 Dc
711 2010 777 2088 XC
795 2012 857 2091 Vi.
881 2012 940 2088 die
964 2037 1024 2102 2⁴·
1050 2009 1116 2086 Fe·
1135 2032 1153 2074 ··

111 2111 243 2188 bruttii
268 2111 388 2187 adivit.
438 2111 662 2187 Probationis
695 2112 839 2189 biennio
859 2108 1117 2207 diligentiffime

84 2225 87 2229 ’
112 2210 263 2295 exaltu,
290 2233 427 2285 annum
442 2234 555 2286 unum
568 2210 640 2298 itti,
656 2212 736 2309 ⁴qua
751 2211 869 2310 postea
883 2211 1021 2296 claruit,
1043 2210 1115 2285 elo·

88 2320 92 2338 '
112 2312 271 2406 quentiae
298 2310 536 2407 perdiscendae
561 2311 758 2407 impendit,
783 2313 828 2386 ed
845 2311 970 2409 utique
994 2331 1116 2407 operae

111 2411 249 2510 pretio,
284 2414 386 2486 cuius
400 2412 483 2486 dein
504 2410 638 2487 fruitus
655 2410 885 2505 ampliffimos,
904 2408 1118 2495 consecutus

111 2510 172 2588 est.
226 2512 364 2609 Quippe
377 2512 414 2587 in
433 2511 645 2586 Provinciam
659 2509 697 2586 S.
714 2509 744 2585 l.
768 2508 1115 2609 Germaaiusaperio·

111 2612 161 2686 m's
174 2611 367 2687 destinatus
381 2611 572 2691 abdicatis.
600 2633 682 2709 quae
698 2610 929 2708 Pn‘mogeniti
943 2607 1024 2708 jure
1036 2632 1116 2708 per-

84 2778 86 2782 .
111 2712 240 2804 amplae
266 2712 378 2808 ipsum
404 2712 620 2796 manebant,
644 2711 925 2798 tantummono
950 2709 1029 2808 post
1052 2733 1114 2785 ex·

110 2811 249 2885 antiata
257 2811 432 2885 severiora
444 2811 554 2887 studia
566 2809 762 2886 Societatem
775 2808 1114 2886 annomoccxtfl,

104 2911 168 2993 ,die
187 2934 242 3001 15.
259 2909 728 3006 Augustisolenniquatuor
751 2920 918 2988 votorum
941 2909 1116 3006 reiigione

112 3006 284 3106 profeiius
299 3010 408 3090 effet5
433 3010 548 3085 statim
574 3010 619 3085 ad
635 3010 796 3086 altiorem
813 3008 1020 3085 cathedram
1034 3030 1115 3106 pro·

110 3119 231 3183 motus
250 3109 298 3185 est
311 3133 320 3183 :
334 3108 530 3206 postquam
547 3110 651 3184 anuis
665 3110 841 3184 duntaxat
855 3110 968 3185 tribus
989 3106 1116 3185 Gram-

110 3209 286 3382 mlffmm‘
311 3232 386 3303 uno
400 3208 538 3308 Paesto,
568 3210 606 3286 ὅ(
620 3221 772 3309 quatuor
787 3207 1036 3308 Philosophiam
1051 3209 1115 3285 do·

108 3332 166 3384 cur
194 3323 241 3386 et.
711 3355 714 3360 -

181 3419 267 3508 Hac
299 3433 401 3531 proin
433 3433 583 3509 libenter
611 3433 829 3516 extricatus,
866 3433 1004 3529 reliquo
1028 3431 1124 3509 vitoe

109 3542 272 3630 tempore
295 3537 394 3610 omni
422 3533 649 3608 Ecclefiasten
673 3534 772 3628 egit,
802 3534 843 3608 ut
866 3533 964 3609 verbi
988 3531 1114 3611 facun-

109 3630 168 3707 dia
194 3641 401 3732 pottntem,
427 3635 478 3712 ita
494 3633 673 3732 castigatae
689 3635 774 3711 vitae
789 3633 955 3734 exemplo
977 3630 1113 3731 conspi·

861 3773 864 3779 ν
952 3753 1064 3810 cuum
