2484 4178
134 186 179 262 52
309 208 312 212 Α
344 275 350 287 .
396 149 576 264 Collegium
599 157 667 248 SS.
692 143 880 242 Saloniani
919 274 921 280 Ι

130 366 277 443 egerere
302 368 375 421 uon
399 348 509 446 pollet
533 348 703 425 deficiens
725 359 874 423 natura:
899 344 1040 442 hacque
1060 351 1139 424 und

131 456 370 544 cooperante,
394 448 530 531 malum
541 448 684 522 vincere
697 447 873 522 medicina
886 459 967 521 utut
981 446 1140 542 diligen·
1164 516 1168 522 ,

129 545 255 622 tissima
283 548 472 645 nequiret3
498 569 656 645 cumque
671 549 786 632 Deus,
814 545 876 622 etsi
899 546 1073 622 clientum
1096 559 1141 620 et

84 707 89 714 ,
119 646 329 722 'amicorum
358 647 475 732 votis,
502 645 607 722 sacris
630 670 673 721 ac
699 647 863 742 precibus
886 645 1140 728 ardentilsiniis

130 745 358 833 sollicitatus,
384 746 493 822 nollet
506 744 611 824 ¹fideli
634 745 749 822 Servo
760 759 805 820 et
819 746 984 842 prudenti
998 744 1138 820 diutius

129 846 334 951 mercedem
350 844 447 921 suam
461 844 624 932 differre,
650 846 695 921 ad
713 844 874 943 suprema
894 859 1045 921 ventum
1060 845 1112 919 est
1120 868 1136 943 3

128 944 216 1040 Egit
237 956 358 1040 grates
370 945 512 1020 Medico
537 944 709 1027 summam
735 944 973 1021 necessitatem
993 946 1138 1022 denun-

128 1043 235 1120 tianti
248 1044 313 1122 Vir
323 1045 468 1140 grandis
480 1046 608 1131 animi,
631 1044 763 1142 sibique
783 1043 1046 1143 praesentissimi,
1070 1059 1136 1140 pe·-

129 1154 214 1218 tens
252 1145 516 1242 quamprimum
542 1145 609 1222 SS.
638 1145 880 1221 sacramentis
918 1145 1137 1241 auxiliisque

63 1334 67 1344 f
130 1242 297 1320 omnibus
320 1245 529 1341 agonalibus
551 1244 695 1320 instrui:
720 1245 921 1342 iisdemque
943 1246 1012 1319 rite
1026 1243 1134 1319 acso·

128 1341 305 1430 leoniter,
323 1344 558 1421 assistentibus
576 1345 796 1431 Domesticis,
816 1355 1025 1441 procuratus
1039 1344 1136 1418 inter

128 1442 670 1617 iusigniapatientiaeexempla,
694 1457 732 1519 et
745 1445 887 1542 pietatis
910 1465 954 1518 ac
970 1444 1133 1518 devotio·

126 1544 186 1619 nis
209 1544 390 1621 luculenta
411 1543 562 1628 indicia,
600 1543 720 1640 ydeiis
733 1543 839 1619 instar
856 1542 998 1641 perusio
1022 1543 1134 1618 currii

128 1642 210 1719 culo
237 1642 361 1720 sensim
393 1643 612 1729 occidentis,
654 1644 791 1742 placide
817 1642 1061 1741 piissimeque,
1087 1665 1132 1717 ex

126 1743 369 1842 tympanitide
396 1742 629 1842 potissimum.
651 1743 779 1842 plenus
795 1741 996 1838 ingentium
1024 1743 1131 1818 meri·

126 1854 248 1918 torum
283 1865 380 1919 anno
409 1857 514 1936 1748.
547 1843 605 1919 die
628 1865 690 1919 22.
714 1842 926 1919 Decembris
951 1843 1131 1920 decubuit.

124 1941 230 2018 Mota
254 1941 379 2018 occasu
403 1942 501 2027 Viri,
523 1941 560 2018 in
578 1965 770 2018 commune
787 1956 864 2018 tam
875 1941 1057 2040 splendide
1071 1944 1131 2018 bo·

4 2053 11 2108 .·
76 2118 80 2126 ,
126 2041 190 2126 ni,
211 2051 288 2117 tota
301 2042 427 2119 civitas
440 2041 573 2118 lustum
586 2041 746 2141 sumpsit,
765 2054 824 2129 et,
844 2041 1013 2118 cumiam
1025 2041 1131 2137 aegri*

125 2141 262 2217 tudinis
284 2153 447 2240 tempore
467 2141 640 2240 impenfis
657 2155 888 2218 externorum
911 2141 949 2216 in
969 2140 1049 2219 dies
1066 2141 1130 2218 sin·

125 2240 232 2336 gulos
244 2263 310 2339 pro
325 2242 567 2339 recuperanda
581 2241 678 2319 Patri
693 2243 833 2341 optimo
851 2239 1057 2317 valetudine
1080 2241 1131 2316 sae
1160 2337 1163 2344 1

125 2340 259 2417 crificia
282 2342 465 2439 complura
495 2341 658 2440 peratla3
684 2347 777 2441 eque
800 2363 998 2440 pauperum
1016 2342 1130 2418 domi·

123 2441 193 2517 bus
214 2441 430 2518 innocentes
469 2463 661 2539 puerorum
689 2464 732 2517 ac
769 2442 968 2541 puellarum
997 2453 1132 2518 turmae

1 2570 3 2576 ·
122 2539 358 2641 supplicatum
391 2541 438 2618 ad
476 2565 558 2617 aras
581 2544 747 2619 divorum
773 2543 993 2637 Euergetum
1019 2533 1132 2617 milsae

122 2639 212 2736 siut3
239 2643 392 2741 amplius
412 2642 530 2718 adbuc
552 2641 631 2740 post
658 2644 736 2718 eius
759 2643 898 2718 obitum
924 2640 1053 2717 exarsit
1078 2637 1129 2716 af·

122 2740 245 2819 sedus.
296 2742 461 2841 Implevit
481 2764 637 2845 uanique
664 2741 827 2842 postridie
853 2740 1028 2838 templum
1052 2738 1130 2818 Soc.

121 2838 197 2938 Iesu
223 2842 384 2917 conferta
417 2843 635 2933 multitudo,
674 2843 846 2939 largoque
886 2840 975 2916 lletu
1008 2851 1048 2915 et
1077 2840 1129 2916 so·

109 2940 220 3016 noris
244 2940 392 3038 suspiriis
420 2943 570 3040 pretiolo
581 2942 722 3029 sunem,
744 2942 902 3018 maxime
914 2962 999 3015 cum
1011 2939 1129 3017 deser·

87 3075 91 3089 =
120 3054 221 3116 retur
244 3041 291 3116 ad
316 3052 505 3140 cryptam,
538 3041 760 3135 memorabili
781 3039 974 3140 spesdaculo
999 3061 1129 3138 paren·

121 3141 222 3218 tavit.
275 3139 483 3242 Praecipuus
502 3157 625 3218 tamen
647 3143 685 3218 in
705 3143 785 3219 aede
803 3136 1130 3217 incusandum
1167 3214 1170 3219 a

119 3239 288 3317 desunsio
313 3239 529 3318 Ecclesiastae
554 3238 698 3320 babitus
720 3239 916 3322 honosest0·
959 3239 1130 3318 Decretis

118 3342 282 3421 unanimi
299 3337 454 3439 Capituli
463 3339 640 3430 consensu,
648 3341 693 3419 ac
702 3342 762 3419 die
775 3365 832 3440 30.
843 3340 1056 3420 Decembris
1070 3364 1128 3416 ce·

118 3439 268 3519 lebiatae
284 3439 527 3517 solennilsimae
553 3444 717 3541 exequiae
728 3465 741 3538 ς
766 3439 979 3518 exstructam
997 3438 1128 3538 pegma

118 3537 292 3628 funebre,
318 3540 554 3640 suspensisque
569 3542 843 3620 emblematibus
867 3555 904 3615 et
928 3540 1053 3615 multis
1068 3562 1127 3615 ac·

76 3736 79 3750 A
117 3639 231 3716 censis
243 3640 380 3720 facibus
393 3642 601 3720 illustratum
613 3661 626 3735 3
653 3654 780 3720 ornata
799 3637 1130 3818 pullobabituspre·

984 3753 1077 3822 uoo
